@incollection{callgrind,
  title={Sequential performance analysis with callgrind and kcachegrind},
  author={Weidendorfer, Josef},
  booktitle={Tools for High Performance Computing},
  pages={93--113},
  year={2008},
  publisher={Springer}
}

@online{openmp, 
	url = {http://openmp.org/wp/}, 
	title = {OpenMP.org}, 
	urldate = {06/11/2016}, 
	language = {english}
}
@article{evol,
  title={An introduction to simulated evolutionary optimization},
  author={Fogel, David B},
  journal={IEEE transactions on neural networks},
  volume={5},
  number={1},
  pages={3--14},
  year={1994},
  publisher={IEEE}
}
